[gd_scene load_steps=6 format=2]

[ext_resource path="res://assets/image/button/btn_lvl_2.png" type="Texture" id=1]
[ext_resource path="res://assets/image/bg/bg_menu.png" type="Texture" id=2]
[ext_resource path="res://assets/image/button/1.png" type="Texture" id=3]
[ext_resource path="res://assets/image/button/btn_lvl_1.png" type="Texture" id=4]
[ext_resource path="res://script/Levels.gd" type="Script" id=5]

[node name="Levels" type="Control"]
anchor_right = 1.0
anchor_bottom = 1.0
script = ExtResource( 5 )
__meta__ = {
"_edit_use_anchors_": false
}

[node name="TextureRect" type="TextureRect" parent="."]
anchor_right = 1.0
anchor_bottom = 1.0
texture = ExtResource( 2 )
expand = true
stretch_mode = 7
__meta__ = {
"_edit_use_anchors_": false
}

[node name="HBoxContainerTop" type="VBoxContainer" parent="."]
anchor_left = 0.5
anchor_top = 0.5
anchor_right = 0.5
anchor_bottom = 0.5
margin_left = -281.0
margin_top = -484.0
margin_right = 281.0
margin_bottom = 548.0
custom_constants/separation = 30
alignment = 1
__meta__ = {
"_edit_group_": true,
"_edit_use_anchors_": false
}

[node name="BtnLvl1" type="Button" parent="HBoxContainerTop"]
margin_right = 562.0
margin_bottom = 306.0
rect_min_size = Vector2( 562, 306 )
focus_mode = 0
shortcut_in_tooltip = false
enabled_focus_mode = 0
flat = true
__meta__ = {
"_edit_group_": true,
"_edit_use_anchors_": false
}

[node name="TextureRect" type="TextureRect" parent="HBoxContainerTop/BtnLvl1"]
anchor_left = 0.5
anchor_top = 0.5
anchor_right = 0.5
anchor_bottom = 0.5
margin_left = -324.0
margin_top = -177.5
margin_right = 324.0
margin_bottom = 213.5
texture = ExtResource( 4 )
__meta__ = {
"_edit_use_anchors_": false
}

[node name="BtnLvl2" type="Button" parent="HBoxContainerTop"]
margin_top = 336.0
margin_right = 562.0
margin_bottom = 662.0
rect_min_size = Vector2( 562, 326 )
focus_mode = 0
shortcut_in_tooltip = false
enabled_focus_mode = 0
flat = true
__meta__ = {
"_edit_group_": true,
"_edit_use_anchors_": false
}

[node name="TextureRect" type="TextureRect" parent="HBoxContainerTop/BtnLvl2"]
anchor_left = 0.5
anchor_top = 0.5
anchor_right = 0.5
anchor_bottom = 0.5
margin_left = -324.0
margin_top = -188.5
margin_right = 324.0
margin_bottom = 222.5
rect_pivot_offset = Vector2( 53.2238, 37.5972 )
texture = ExtResource( 1 )
__meta__ = {
"_edit_use_anchors_": false
}

[node name="Control" type="Control" parent="HBoxContainerTop"]
margin_top = 692.0
margin_right = 562.0
margin_bottom = 1032.0
rect_min_size = Vector2( 0, 340 )

[node name="TextureRect" type="TextureRect" parent="HBoxContainerTop/Control"]
anchor_left = 0.5
anchor_top = 0.5
anchor_right = 0.5
anchor_bottom = 0.5
margin_left = -324.0
margin_top = -196.0
margin_right = 324.0
margin_bottom = 210.0
texture = ExtResource( 3 )
__meta__ = {
"_edit_use_anchors_": false
}
[connection signal="pressed" from="HBoxContainerTop/BtnLvl1" to="." method="_on_BtnLvl1_pressed"]
[connection signal="pressed" from="HBoxContainerTop/BtnLvl2" to="." method="_on_BtnLvl2_pressed"]
